@online{humanhide,
	author = "Aline Smithson",
	title = "Liu Bolin | LENSCRATCH",
	date = "2019-04-30",
	url = "https://lenscratch.om/2013/03/liu-bolin/",
}

@online{b2spirit,
	title = "B-2 spirit first flight",
	date = "2019-04-30",
	url = "https://upload.wikimedia.org/wikipedia/commons/thumb/3/3f/B-2_first_flight_071201-F-9999J-034.jpg/220px-B-2_first_flight_071201-F-9999J-034.jpg",
}

@online{spatz,
	title = "House sparrow",
	date = "2019-04-30",
	url = "https://upload.wikimedia.org/wikipedia/commons/thumb/d/d9/House_sparrowII.jpg/1024px-House_sparrowII.jpg",
}

@online{m87,
	title = "AGN von M87",
	date = "2019-04-30",
	url = "https://www.sciencenews.org/sites/default/files/images/041719_lg_bhmasses_inline1_370.jpg?mode=pick&context=162",
}

@online{rochester,
	title = "'Cloaking' device uses ordinary lenses ...",
	date = "2019-05-04",
	url = "https://www.rochester.edu/newscenter/watch-rochester-cloak-uses-ordinary-lenses-to-hide-objects-across-continuous-range-of-angles-70592/",
}

@online{rochester2,
	author = "Howell, John C. and Howell, J. Benjamin",
	title = "Simple, broadband, optical spatial cloaking of very large objects",
	date = "2013-06-10",
	eprinttype = "arXiv",
	eprint = "1306.0863",
	eprintclass = "hep-ph",
}
